<record><leader>02048nam a2200409 i 4500</leader><controlfield tag="001">6698502</controlfield><controlfield tag="003">OCoLC</controlfield><controlfield tag="005">20140918110637.0</controlfield><controlfield tag="008">140620s2015    mdua     b    001 0 eng  </controlfield><datafield ind1=" " ind2=" " tag="010"><subfield code="a">  2014023253</subfield></datafield><datafield ind1=" " ind2=" " tag="015"><subfield code="a">GBB474639</subfield><subfield code="2">bnb</subfield></datafield><datafield ind1="7" ind2=" " tag="016"><subfield code="a">016794765</subfield><subfield code="2">Uk</subfield></datafield><datafield ind1=" " ind2=" " tag="020"><subfield code="a">9781442221215 (cloth : alk. paper)</subfield></datafield><datafield ind1=" " ind2=" " tag="020"><subfield code="a">1442221216 (cloth : alk. paper)</subfield></datafield><datafield ind1=" " ind2=" " tag="020"><subfield code="a">9781442221222 (pbk. : alk. paper)</subfield></datafield><datafield ind1=" " ind2=" " tag="020"><subfield code="a">1442221224 (pbk. : alk. paper)</subfield></datafield><datafield ind1=" " ind2=" " tag="020"><subfield code="z">9781442221239 (electronic)</subfield></datafield><datafield ind1=" " ind2=" " tag="035"><subfield code="a">ocn881592310</subfield></datafield><datafield ind1=" " ind2=" " tag="040"><subfield code="a">DLC</subfield><subfield code="e">rda</subfield><subfield code="b">eng</subfield><subfield code="c">DLC</subfield><subfield code="d">YDX</subfield><subfield code="d">UKMGB</subfield><subfield code="d">YDXCP</subfield><subfield code="d">OCLCO</subfield><subfield code="d">OCLCF</subfield><subfield code="d">AEU</subfield></datafield><datafield ind1=" " ind2=" " tag="042"><subfield code="a">pcc</subfield></datafield><datafield ind1="0" ind2="0" tag="050"><subfield code="a">HF5415.123</subfield><subfield code="b">.B557 2015</subfield></datafield><datafield ind1="0" ind2="0" tag="082"><subfield code="a">658.8/02</subfield><subfield code="2">23</subfield></datafield><datafield ind1=" " ind2=" " tag="090"><subfield code="a">HF5415.123 .B557 2015</subfield><subfield code="b">AEGMCT</subfield></datafield><datafield ind1="1" ind2=" " tag="100"><subfield code="a">Blakeman, Robyn,</subfield><subfield code="d">1958- ,</subfield><subfield code="e">author.</subfield></datafield><datafield ind1="1" ind2="0" tag="245"><subfield code="a">Integrated marketing communication :</subfield><subfield code="b">creative strategy from idea to implementation /</subfield><subfield code="c">Robyn Blakeman.</subfield></datafield><datafield ind1=" " ind2=" " tag="250"><subfield code="a">Second edition.</subfield></datafield><datafield ind1=" " ind2="1" tag="264"><subfield code="a">Lanham, Maryland :</subfield><subfield code="b">Rowman &amp; Littlefield,</subfield><subfield code="c">[2015]</subfield></datafield><datafield ind1=" " ind2=" " tag="300"><subfield code="a">xii, 325 pages :</subfield><subfield code="b">illustrations ;</subfield><subfield code="c">26 cm</subfield></datafield><datafield ind1=" " ind2=" " tag="336"><subfield code="a">text</subfield><subfield code="b">txt</subfield><subfield code="2">rdacontent</subfield></datafield><datafield ind1=" " ind2=" " tag="337"><subfield code="a">unmediated</subfield><subfield code="b">n</subfield><subfield code="2">rdamedia</subfield></datafield><datafield ind1=" " ind2=" " tag="338"><subfield code="a">volume</subfield><subfield code="b">nc</subfield><subfield code="2">rdacarrier</subfield></datafield><datafield ind1=" " ind2=" " tag="504"><subfield code="a">Includes bibliographical references (pages 313-316) and index.</subfield></datafield><datafield ind1="0" ind2=" " tag="505"><subfield code="a">Preface -- Introduction -- Integrated marketing communication -- IMC marketing plans -- Branding and positioning -- Creative briefs -- The creative process -- Copywriting -- Campaigns -- Public relations -- Newspaper advertising -- Magazine advertising -- Radio advertising -- Television advertising -- Out-of-home and transit advertising -- Direct marketing and sales promotion -- Internet marketing and social media -- Mobile media marketing -- Alternative media advertising -- Glossary -- Bibliography -- Index -- About the author.</subfield></datafield><datafield ind1=" " ind2=" " tag="596"><subfield code="a">29</subfield></datafield><datafield ind1=" " ind2="0" tag="650"><subfield code="a">Communication in marketing.</subfield></datafield><datafield ind1=" " ind2=" " tag="949"><subfield code="a">HF5415.123 .B557 2015</subfield><subfield code="h">GMCT-OS-B</subfield><subfield code="i">1007419821</subfield><subfield code="p">59.64</subfield><subfield code="k">AVAIL_SOON</subfield></datafield><datafield ind1=" " ind2=" " tag="926"><subfield code="a">HF5415.123 .B557 2015</subfield><subfield code="w">LC</subfield><subfield code="c">1</subfield><subfield code="i">1007419821</subfield><subfield code="d">10/29/2014</subfield><subfield code="l">ON_SHELF</subfield><subfield code="m">GR_MACEWAN</subfield><subfield code="p">$56.80</subfield><subfield code="r">Y</subfield><subfield code="s">Y</subfield><subfield code="t">BOOK</subfield><subfield code="u">9/29/2014</subfield></datafield></record>